\usepackage{url}

@misc{wiki:cern,
  author = "Wikipedia",
  title = "{CERN}",
  year = "2011",
  howpublished = "\url{http://de.wikipedia.org/w/index.php?title=CERN&oldid=92097776}",
  note = "[18. August 2011]"
}

@misc{indico,
  author = "Indico",
  title = "Indico project Homepage",
  year = "2011",
  howpublished = "\url{http://indico-software.org/}",
  note = "[18. August 2011]"
}

@book{ecmascript,
  address = {Geneva, Switzerland},
  author = {{ECMA}},
  edition = {5.1},
  keywords = {ecmascript, javascript},
  month = jun,
  publisher = {ECMA (European Association for Standardizing Information and Communication Systems)},
  title = {{ECMA}-262: {ECMAScript} Language Specification},
  url = {http://www.ecma-international.org/publications/standards/Ecma-262.htm},
  year = "2011"
}

@book{progsprachen,
  title={Handbuch Programmiersprachen: Softwareentwicklung zum Lernen und Nachschlagen},
  author={Peter A. Henning and Holger Vogelsang},
  year={2006},
  publisher={Hanser Verlag}
}

@misc{indicoarch,
  author = "Pedro Ferreira",
  title = "Indico Developer's Guide for the Newbie",
  year = "2008",
  howpublished = "\url{http://indico.cern.ch/materialDisplay.py?materialId=slides&confId=37937}"
}

@TechReport{w3c:xhtml,
  author      = "Steven Pemberton",
  title       = "{XHTML}\texttrademark{} 1.0: The Extensible HyperText Markup Language - A Reformulation of~{HTML}~4~in~{XML}~1.0",
  month       = jan,
  note        = "\url{http://www.w3.org/TR/2000/REC-xhtml1-20000126}",
  year        = "2000",
  bibsource   = "http://w2.syronex.com/jmr/w3c-biblio",
  type        = "first Edition of a Recommendation",
  institution = "W3C",
}

@TechReport{w3c:html5,
  author      = "W3C",
  title       = "{HTML5}",
  month       = aug,
  note        = "\url{http://dev.w3.org/html5/spec/Overview.html}",
  year        = "2011",
  type        = "Editor's Draft",
  institution = "W3C",
}
